@inproceedings{shen20193d,
  title={3D Map Optimization with Fully Convolutional Neural Network and Dynamic Local NDT},
  author={Shen, Zebang and Xu, Yichong and Sun, Muchen and Carballo, Alexander and Zhou, Qingguo},
  booktitle={2019 IEEE Intelligent Transportation Systems Conference (ITSC)},
  pages={4404--4411},
  year={2019},
  organization={IEEE}
}
